@misc{Merico2017,
	author = {Merico, Agostino},
	booktitle = {Frontiers in Ecology and Evolution},
	doi = {10.3389/fevo.2017.00154},
	file = {:home/peter/ZMT/Literature Files/Other/Merico2017{\_}EasterIslandResourceDynamics.pdf:pdf},
	issn = {2296701X},
	keywords = {Collapse,Exploitation,Modeling,Rapanui,Renewable resource,Sustainability},
	mendeley-groups = {ZMT{\_}EasterIsland,ZMT{\_}EasterIsland/Read},
	title = {{Models of easter island human-resource dynamics: Advances and gaps}},
	year = {2017}
}

@article{Brander1998,
	author = {Brander, James A. and Taylor, M. Scott},
	doi = {10.2307/116821},
	issn = {00028282},
	journal = {American Economic Review},
	mendeley-groups = {ZMT{\_}EasterIsland/ToRead},
	title = {{The Simple Economics of Easter Island: A Ricardo-Malthus Model of Renewable Resource Use}},
	year = {1998}
}

@article{Good2006,
	author = {Good, David H. and Reuveny, Rafael},
	doi = {10.1016/j.ecolecon.2005.07.022},
	issn = {09218009},
	journal = {Ecological Economics},
	mendeley-groups = {ZMT{\_}EasterIsland/ToRead},
	title = {{The fate of Easter Island: The limits of resource management institutions}},
	year = {2006}
}

@misc{Carattini2019,
	author = {Carattini, Stefano and Levin, Simon and Tavoni, Alessandro},
	booktitle = {Review of Environmental Economics and Policy},
	doi = {10.1093/reep/rez009},
	issn = {17506824},
	mendeley-groups = {ZMT{\_}EasterIsland/Others},
	title = {{Cooperation in the climate commons}},
	year = {2019}
}

@article{Basener2008,
	author = {Basener, William and Brooks, Bernard and Radin, Michael and Wiandt, Tamas},
	issn = {10900578},
	journal = {Nonlinear Dynamics, Psychology, and Life Sciences},
	keywords = {Hopf bifurcation,Population collapse,Rapa nui},
	mendeley-groups = {ZMT{\_}EasterIsland/ToRead},
	pmid = {18510835},
	title = {{Rat instigated human population collapse on Easter Island}},
	year = {2008}
}

@book{Kohler2000,
	author = {Kohler, Timothy A and Gumerman, George G},
	mendeley-groups = {ZMT{\_}EasterIsland/ToRead},
	publisher = {Oxford University Press},
	title = {{Dynamics in human and primate societies: Agent-based modeling of social and spatial processes}},
	year = {2000}
}

@article{Dean2000,
	title={Understanding Anasazi culture change through agent-based modeling},
	author={Dean, Jeffrey S and Gumerman, George J and Epstein, Joshua M and Axtell, Robert L and Swedlund, Alan C and Parker, Miles T and McCarroll, Stephen},
	journal={Dynamics in human and primate societies: Agent-based modeling of social and spatial processes},
	pages={179--205},
	year={2000},
	publisher={Oxford: Oxford University Press}
}

@article{Axtell2002,
	author = {Axtell, Robert L. and Epstein, Joshua M. and Dean, Jeffrey S. and Gumerman, George J. and Swedlund, Alan C. and Harburger, Jason and Chakravarty, Shubha and Hammond, Ross and Parker, Jon and Parker, Miles},
	doi = {10.1073/pnas.092080799},
	issn = {00278424},
	journal = {Proceedings of the National Academy of Sciences of the United States of America},
	mendeley-groups = {ZMT{\_}EasterIsland/ToRead},
	title = {{Population growth and collapse in a multiagent model of the Kayenta Anasazi in Long House Valley}},
	year = {2002}
}

@article{Reuveny2012,
	author = {Reuveny, Rafael},
	doi = {10.1146/annurev-resource-110811-114537},
	issn = {1941-1340},
	journal = {Annual Review of Resource Economics},
	mendeley-groups = {ZMT{\_}EasterIsland/ToRead},
	title = {{Taking Stock of Malthus: Modeling the Collapse of Historical Civilizations}},
	year = {2012}
}

@article{Brandt2015,
	author = {Brandt, Gunnar and Merico, Agostino},
	doi = {10.3389/fevo.2015.00013},
	issn = {2296701X},
	journal = {Frontiers in Ecology and Evolution},
	keywords = {Collapse,Easter Island,Paleoecological model,Resource use,Sustainability},
	mendeley-groups = {ZMT{\_}EasterIsland,ZMT{\_}EasterIsland/ToRead},
	title = {{The slow demise of Easter Island: Insights from a modeling investigation}},
	year = {2015}
}

@article{Bousquet2004,
	author = {Bousquet, F. and {Le Page}, C.},
	doi = {10.1016/j.ecolmodel.2004.01.011},
	issn = {03043800},
	journal = {Ecological Modelling},
	keywords = {Agent architectures,Decision-making process,Multi-agent systems,Organization,Simulation},
	mendeley-groups = {ZMT{\_}EasterIsland/ToRead},
	title = {{Multi-agent simulations and ecosystem management: A review}},
	year = {2004}
}


@article{Bonabeau2002,
	author = {Bonabeau, Eric},
	doi = {10.1073/pnas.082080899},
	file = {:home/peter/EasterIslands/Literature/Bonabeau2002.pdf:pdf},
	issn = {00278424},
	journal = {Proceedings of the National Academy of Sciences of the United States of America},
	mendeley-groups = {ZMT{\_}EasterIsland/Read},
	pmid = {12011407},
	title = {{Agent-based modeling: Methods and techniques for simulating human systems}},
	year = {2002}
}

@book{Wallace2015,
	author = {Wallace, Robert and Geller, Amy and Ogawa, V. Ayano},
	booktitle = {Assessing the Use of Agent-Based Models for Tobacco Regulation},
	doi = {10.17226/19018},
	isbn = {0309317223},
	title = {{Assessing the use of agent-based models for tobacco regulation}},
	year = {2015}
}
@incollection{Hammond2015,
	author = {Hammond, Ross A},
	booktitle = {Assessing the Use of Agent-Based Models for Tobacco Regulation},
	mendeley-groups = {ZMT{\_}EasterIsland/ToRead},
	title = {{Appendix A: Considerations and best practices in agent-based modeling to inform policy}},
	year = {2015}
}


@article{Rull2020,
	author = {Rull, Valent{\'{i}}},
	doi = {10.1111/brv.12556},
	file = {:home/peter/EasterIslands/Literature/Rull-2020-Biological{\_}Reviews.pdf:pdf},
	issn = {1469185X},
	journal = {Biological Reviews},
	keywords = {Rapa Nui,agriculture,climate change,cultural collapse,drought,fire,forest clearing,human disturbance,last millennium,pollen analysis},
	mendeley-groups = {ZMT{\_}EasterIsland/Read},
	title = {{The deforestation of Easter Island}},
	year = {2020}
}


@article{Puleston2017,
	author = {Puleston, Cedric O. and Ladefoged, Thegn N. and Haoa, Sonia and Chadwick, Oliver A. and Vitousek, Peter M. and Stevenson, Christopher M.},
	doi = {10.3389/fevo.2017.00069},
	issn = {2296701X},
	journal = {Frontiers in Ecology and Evolution},
	keywords = {Agricultural potential,Climate modeling,Density dependence,Food-limited demography,Nutrient cycling,Polynesians,Population dynamics models,Sweet potato},
	title = {{Rain, sun, soil, and sweat: A consideration of population limits on Rapa Nui (Easter Island) before European contact}},
	year = {2017}
}




@article{Hunt2007,
	author = {Hunt, Terry L.},
	doi = {10.1016/j.jas.2006.10.003},
	issn = {03054403},
	journal = {Journal of Archaeological Science},
	title = {{Rethinking Easter Island's ecological catastrophe}},
	year = {2007}
}



## TO SUMMARISE

@article{Janssen2009,
	author = {Janssen, Marco A.},
	issn = {14607425},
	journal = {JASSS},
	keywords = {Model analysis,Model-based archaeology,Population dynamics,Replication,Social-ecological systems},
	mendeley-groups = {ZMT{\_}EasterIsland/Read},
	title = {{Understanding Artificial Anasazi}},
	year = {2009}
}

@misc{DeAngelis2019,
	author = {DeAngelis, Donald L. and Diaz, Stephanie G.},
	booktitle = {Frontiers in Ecology and Evolution},
	doi = {10.3389/fevo.2018.00237},
	issn = {2296701X},
	keywords = {Agent-based models,Artificial neural networks,Genetic algorithms,Optimization,Proximate decisions,Spatially explicit models},
	mendeley-groups = {ZMT{\_}EasterIsland/ToRead},
	title = {{Decision-making in agent-based modeling: A current review and future prospectus}},
	year = {2019}
}


@book{Cauwe2011,
	author = {Cauwe, Nicolas and Latsanopoulos, Nicolas},
	isbn = {2930358556},
	pages = {157},
	publisher = {Versant Sud Louvain-la-Neuve, Belgium},
	title = {{Easter Island : the great taboo : rebuilding its history after ten years of excavations}},
	url = {https://nla.gov.au/nla.cat-vn5753756},
	year = {2011}
}

@book{Diamond2011,
	title={Collapse: How Societies Choose to Fail or Succeed: Revised Edition},
	author={Diamond, J.},
	isbn={9781101502006},
	url={https://books.google.de/books?id=mYPXUHZCp3gC},
	year={2011},
	publisher={Penguin Publishing Group}
}


@book{Bahn2017,
	address = {Maryland, USA},
	author = {Bahn, Paul and Flenley, John},
	edition = {4},
	isbn = {9781442266551},
	mendeley-groups = {ZMT{\_}EasterIsland/Read},
	publisher = {Rowman {\&} Littlefield},
	title = {{Easter Island, Earth Island: The enigmas of Rapa Nui}},
	year = {2017}
}


@book{Bookstaber2019,
	title={The end of theory: Financial crises, the failure of economics, and the sweep of human interaction},
	author={Bookstaber, Richard},
	year={2019},
	publisher={Princeton University Press}
}

@misc{Jarvis2008CIGAR,
	author={Jarvis, A. and Reuter, H.I. and  Nelson, A. and Guevara, E.},
	year = {2008},
	title = {Hole-filled SRTM for the globe Version 4},
	note = {available from the CGIAR-CSI SRTM 90m Database: \url{http://srtm.csi.cgiar.org}},
}
 @article{gorelick2017google,
	title={Google Earth Engine: Planetary-scale geospatial analysis for everyone},
	author={Gorelick, Noel and Hancher, Matt and Dixon, Mike and Ilyushchenko, Simon and Thau, David and Moore, Rebecca},
	journal={Remote Sensing of Environment},
	year={2017},
	publisher={Elsevier},
	doi={10.1016/j.rse.2017.06.031},
	url={https://doi.org/10.1016/j.rse.2017.06.031}
}



# TO_Summarise
@misc{Rull2016,
	author = {Rull, Valent{\'{i}} and Ca{\~{n}}ellas-Bolt{\`{a}}, N{\'{u}}ria and Margalef, Olga and Pla-Rabes, Sergi and S{\'{a}}ez, Alberto and Giralt, Santiago},
	booktitle = {Frontiers in Ecology and Evolution},
	doi = {10.3389/fevo.2016.00029},
	issn = {2296701X},
	keywords = {Cultural collapse,Deforestation,Easter Island,Fire,Last millennia,Paleoclimatology,Paleoecology,Rapa Nui},
	mendeley-groups = {ZMT{\_}EasterIsland,ZMT{\_}EasterIsland/ToRead},
	title = {{Three millennia of climatic, ecological, and cultural change on Easter Island: An integrative overview}},
	year = {2016}
}
@article{Wilmshurst2011,
	author = {Wilmshurst, Janet M. and Hunt, Terry L. and Lipo, Carl P. and Anderson, Atholl J.},
	doi = {10.1073/pnas.1015876108},
	issn = {00278424},
	journal = {Proceedings of the National Academy of Sciences of the United States of America},
	mendeley-groups = {ZMT{\_}EasterIsland/ToRead},
	title = {{High-precision radiocarbon dating shows recent and rapid initial human colonization of East Polynesia}},
	year = {2011}
}
@article{Stevenson2015,
	author = {Stevenson, Christopher M. and Puleston, Cedric O. and Vitousek, Peter M. and Chadwick, Oliver A. and Haoa, Sonia and Ladefoged, Thegn N.},
	doi = {10.1073/pnas.1420712112},
	issn = {10916490},
	journal = {Proceedings of the National Academy of Sciences of the United States of America},
	keywords = {Collapse,Dating,Obsidian,Population,Rapa Nui},
	mendeley-groups = {ZMT{\_}EasterIsland/ToRead},
	pmid = {25561523},
	title = {{Variation in Rapa Nui (Easter Island) land use indicates production and population peaks prior to European contact}},
	year = {2015}
}
@article{Stevenson2006,
	issn = {0003598X},
	journal = {Antiquity},
	keywords = {Agriculture,Deforestation,Easter Island,Erosion,Lithic mulch,Polynesia},
	mendeley-groups = {ZMT{\_}EasterIsland/ToRead},
	title = {{Prehistoric and early historic agriculture at Maunga Orito, Easter Island (Rapa Nui), Chile}},
	year = {2006}
}
@misc{Rull2016b,
	author = {Rull, Valent{\'{i}}},
	booktitle = {Quaternary Science Reviews},
	doi = {10.1016/j.quascirev.2016.08.015},
	issn = {02773791},
	keywords = {Collapse,Cultural shift,Deforestation,Ecocide,Genocide,Paleoclimate,Paleoenvironment,Rapa Nui},
	mendeley-groups = {ZMT{\_}EasterIsland/ToRead},
	title = {{Natural and anthropogenic drivers of cultural change on Easter Island: Review and new insights}},
	year = {2016}
}
@article{Puleston2014,
	author = {Puleston, Cedric and Tuljapurkar, Shripad and Winterhalder, Bruce},
	doi = {10.1371/journal.pone.0087541},
	issn = {19326203},
	journal = {PLoS ONE},
	mendeley-groups = {ZMT{\_}EasterIsland/ToRead},
	title = {{The invisible cliff: Abrupt imposition of Malthusian equilibrium in a natural-fertility, agrarian society}},
	year = {2014}
}
@article{Puleston2008,
	author = {Puleston, Cedric O. and Tuljapurkar, Shripad},
	doi = {10.1016/j.tpb.2008.05.007},
	issn = {00405809},
	journal = {Theoretical Population Biology},
	keywords = {Carrying capacity,Cultural adaptation,Demography,Density dependence,Fertility control,Food ratio,Hunger,Paleodemography,Population regulation,Quality of life,Taxation},
	mendeley-groups = {ZMT{\_}EasterIsland/Read},
	title = {{Population and prehistory II: Space-limited human populations in constant environments}},
	year = {2008}
}

@@article{Lee2008,
	author = {Lee, Charlotte T. and Tuljapurkar, Shripad},
	doi = {10.1016/j.tpb.2008.03.001},
	issn = {00405809},
	journal = {Theoretical Population Biology},
	keywords = {Demographics cycles,Dependency,Food limitation,Population dynamics,Preindustrial agriculture,Resource transfers},
	mendeley-groups = {ZMT{\_}EasterIsland/Read},
	pmid = {18439637},
	title = {{Population and prehistory I: Food-dependent population growth in constant environments}},
	year = {2008}
}

@article{DAlessandro2007,
	author = {D'Alessandro, Simone},
	doi = {10.1016/j.ecolecon.2006.07.008},
	issn = {09218009},
	journal = {Ecological Economics},
	keywords = {Critical depensation,Feast-famine cycles,Multiple equilibria,Population growth,Renewable resource,Resilience},
	mendeley-groups = {ZMT{\_}EasterIsland/Read},
	title = {{Non-linear dynamics of population and natural resources: The emergence of different patterns of development}},
	year = {2007}
}
@article{Cole2008,
	author = {Cole, Anthony and Flenley, John},
	doi = {10.1016/j.quaint.2007.09.019},
	issn = {10406182},
	journal = {Quaternary International},
	mendeley-groups = {ZMT{\_}EasterIsland/ToRead},
	title = {{Modelling human population change on Easter Island far-from-equilibrium}},
	year = {2008}
}



@article{Mieth2015,
	author = {Mieth, A and Bork, HR},
	journal = {Easter Island: Collapse or Transformation},
	mendeley-groups = {ZMT{\_}EasterIsland/Read},
	pages = {9--10},
	title = {{Degradation of resources and successful land-use management on prehistoric Rapa Nui: Two sides of the same coin}},
	year = {2015}
}


@misc{Rull2010,
	author = {Rull, V. and Ca{\~{n}}ellas-Bolt{\`{a}}, N. and S{\'{a}}ez, A. and Giralt, S. and Pla, S. and Margalef, O.},
	booktitle = {Earth-Science Reviews},
	doi = {10.1016/j.earscirev.2010.02.003},
	issn = {00128252},
	keywords = {Deforestation,Holocene,Islands,Pacific Ocean,Palms,Palynology,Pleistocene,Rapa Nui},
	mendeley-groups = {ZMT{\_}EasterIsland/Read},
	title = {{Paleoecology of Easter Island: Evidence and uncertainties}},
	year = {2010}
}
@article{Louwagie2006,
	author = {Louwagie, Geertrui and Stevenson, Christopher M. and Langohr, Roger},
	doi = {10.1016/j.jaa.2005.11.008},
	issn = {02784165},
	journal = {Journal of Anthropological Archaeology},
	keywords = {Agricultural production,Climate variability,Easter Island,Ethno-archaeology,Land evaluation,Lithic mulch,Polynesian cultigens,Prehistoric (1500-1700 AD),Soil nutrient deficiency,Technical and organisational adaptive strategies},
	mendeley-groups = {ZMT{\_}EasterIsland/Read},
	title = {{The impact of moderate to marginal land suitability on prehistoric agricultural production and models of adaptive strategies for Easter Island (Rapa Nui, Chile)}},
	year = {2006}
}
@inproceedings{Mieth2005,
	author = {Mieth, Andreas and Bork, Hans Rudolf},
	booktitle = {Catena},
	doi = {10.1016/j.catena.2005.06.011},
	issn = {03418162},
	keywords = {Agriculture,Agro-forestry,Easter Island,Erosion rates,Gully erosion,Historical soil erosion,Isla de Pascua,Land use,Rapa Nui,Sheet erosion,Soil erosion},
	mendeley-groups = {ZMT{\_}EasterIsland/Read},
	title = {{History, origin and extent of soil erosion on Easter Island (Rapa Nui)}},
	year = {2005}
}




### TO READS

@article{Tromp2015,
	author = {Tromp, Monica and Dudgeon, John V.},
	doi = {10.1016/j.jas.2014.11.024},
	issn = {10959238},
	journal = {Journal of Archaeological Science},
	keywords = {Easter Island,Phytolith,Polynesia,Starch},
	title = {{Differentiating dietary and non-dietary microfossils extracted from human dental calculus: The importance of sweet potato to ancient diet on Rapa Nui}},
	year = {2015}
}


@misc{Diamond2002,
	abstract = {How can the complex dynamics of human societies - such as population rise and fall, and movement - be explained? Combining masses of data with computer modelling is a fresh way forward.},
	author = {Diamond, Jared M.},
	booktitle = {Nature},
	doi = {10.1038/419567a},
	issn = {00280836},
	title = {{Life with the artificial Anasazi}},
	year = {2002}
}
@article{Chliaoutakis2016,
	author = {Chliaoutakis, Angelos and Chalkiadakis, Georgios},
	doi = {10.1007/s10458-016-9325-9},
	issn = {15737454},
	journal = {Autonomous Agents and Multi-Agent Systems},
	keywords = {Agent-based modeling,Multi-agent systems,Self-organization,Social archaeology},
	mendeley-groups = {ZMT{\_}EasterIsland/ToRead},
	title = {{Agent-based modeling of ancient societies and their organization structure}},
	year = {2016}
}
@article{Filatova2016,
	author = {Filatova, Tatiana and Polhill, J. Gary and van Ewijk, Stijn},
	doi = {10.1016/j.envsoft.2015.04.003},
	issn = {13648152},
	journal = {Environmental Modelling and Software},
	keywords = {Complex system,Critical transition,Modelling,Non-marginal-change,Regime shift,Structural change},
	mendeley-groups = {ZMT{\_}EasterIsland,ZMT{\_}EasterIsland/ToRead},
	title = {{Regime shifts in coupled socio-environmental systems: Review of modelling challenges and approaches}},
	year = {2016}
}

@article{2012,
	author = {Hunt, Terry L. and Lipo, Carl Philipp},
	doi = {10.2139/ssrn.2042672},
	journal = {SSRN Electronic Journal},
	mendeley-groups = {ZMT{\_}EasterIsland/ToRead},
	title = {{Ecological Catastrophe and Collapse: The Myth of 'Ecocide' on Rapa Nui (Easter Island)}},
	year = {2012}
}


@article{Basener2011,
	author = {Basener, William and Brooks, Bernard and Radin, Michael and Wiandt, Tamas},
	issn = {10900578},
	journal = {Nonlinear Dynamics, Psychology, and Life Sciences},
	keywords = {Diffusion,Easter Island,Turing instability},
	mendeley-groups = {ZMT{\_}EasterIsland/ToRead},
	title = {{Spatial effects and Turing instabilities in the invasive species model}},
	year = {2011}
}
@article{Heckbert2013,
	author = {Heckbert, Scott},
	doi = {10.18564/jasss.2305},
	issn = {14607425},
	journal = {JASSS},
	keywords = {Agent-based model,Archaeology,Cellular automata,Network model,Social-ecological system,Trade network},
	mendeley-groups = {ZMT{\_}EasterIsland/ToRead},
	title = {{MayaSim: An agent-based model of the ancient Maya social-ecological system}},
	year = {2013}
}



### DO NOT READ
@book{Kirch2010,
	author = {{Vinton Kirch}, Patrick},
	booktitle = {How Chiefs Became Kings: Divine Kingship and the Rise of Archaic States in Ancient Hawai'i},
	doi = {10.5860/choice.49-0954},
	isbn = {9780520267251},
	issn = {0009-4978},
	title = {{How chiefs became kings: Divine kingship and the rise of archaic states in ancient Hawai'i}},
	year = {2010}
}

@book{Bungartz2009,
	author = {Bungartz, Hans-Joachim and Zimmer, Stefan and Buchholz, Martin and Pfl{\"{u}}ger, Dirk},
	booktitle = {Management},
	doi = {10.1007/978-3-540-79810-1},
	isbn = {9783540798095},
	title = {{Modellbildung und Simulation: Eine anwendungsorientierte Einf{\"{u}}hrung}},
	year = {2009}
}
@article{Sprott2011,
	author = {Sprott, J. C.},
	issn = {10900578},
	journal = {Nonlinear Dynamics, Psychology, and Life Sciences},
	keywords = {Chaos,Easter Island,Ecology,Population dynamics},
	mendeley-groups = {ZMT{\_}EasterIsland,ZMT{\_}EasterIsland/ToRead},
	title = {{Chaos in Easter Island ecology}},
	year = {2011}
}

@article{Basener2011,
	author = {Basener, William and Brooks, Bernard and Radin, Michael and Wiandt, Tamas},
	issn = {10900578},
	journal = {Nonlinear Dynamics, Psychology, and Life Sciences},
	keywords = {Diffusion,Easter Island,Turing instability},
	mendeley-groups = {ZMT{\_}EasterIsland/ToRead},
	title = {{Spatial effects and Turing instabilities in the invasive species model}},
	year = {2011}
}



################### CODE

@Article{matplotlib,
	Author    = {Hunter, J. D.},
	Title     = {Matplotlib: A 2D graphics environment},
	Journal   = {Computing in Science \& Engineering},
	Volume    = {9},
	Number    = {3},
	Pages     = {90--95},
	abstract  = {Matplotlib is a 2D graphics package used for Python for
	application development, interactive scripting, and publication-quality
	image generation across user interfaces and operating systems.},
	publisher = {IEEE COMPUTER SOC},
	doi       = {10.1109/MCSE.2007.55},
	year      = 2007
}

@book{numpy,
	title={A guide to NumPy},
	author={Oliphant, Travis E},
	volume={1},
	year={2006},
	publisher={Trelgol Publishing USA}
} 

@ARTICLE{scipy,
	author = {{Virtanen}, Pauli and {Gommers}, Ralf and {Oliphant},
	Travis E. and {Haberland}, Matt and {Reddy}, Tyler and
	{Cournapeau}, David and {Burovski}, Evgeni and {Peterson}, Pearu
	and {Weckesser}, Warren and {Bright}, Jonathan and {van der Walt},
	St{\'e}fan J.  and {Brett}, Matthew and {Wilson}, Joshua and
	{Jarrod Millman}, K.  and {Mayorov}, Nikolay and {Nelson}, Andrew
	R.~J. and {Jones}, Eric and {Kern}, Robert and {Larson}, Eric and
	{Carey}, CJ and {Polat}, {\.I}lhan and {Feng}, Yu and {Moore},
	Eric W. and {Vand erPlas}, Jake and {Laxalde}, Denis and
	{Perktold}, Josef and {Cimrman}, Robert and {Henriksen}, Ian and
	{Quintero}, E.~A. and {Harris}, Charles R and {Archibald}, Anne M.
	and {Ribeiro}, Ant{\^o}nio H. and {Pedregosa}, Fabian and
	{van Mulbregt}, Paul and {Contributors}, SciPy 1. 0},
	title = "{SciPy 1.0: Fundamental Algorithms for Scientific
	Computing in Python}",
	journal = {Nature Methods},
	year = "2020",
	volume={17},
	pages={261--272},
	adsurl = {https://rdcu.be/b08Wh},
	doi = {https://doi.org/10.1038/s41592-019-0686-2},
}